%%%%%%%%%%%%%%%%%%%%%%%%%%%%%%%%%%%%%%%%%%%%%%%%%%%%%%%%%%%%%%%%%%%%%%%%%%
% Referencias bibliograficas utilizadas
% Para mais informações ver documentação do abntex2 e http://www.bibtex.org/
%%%%%%%%%%%%%%%%%%%%%%%%%%%%%%%%%%%%%%%%%%%%%%%%%%%%%%%%%%%%%%%%%%%%%%%%%%

% https://github.com/AdrianoRuseler/abntex2-modelo-experimento/blob/master/abntex2-modelo-references.bib

@manual{NBR6028:2003,
	Address = {Rio de Janeiro},
	Date-Added = {2012-12-15 21:02:12 +0000},
	Date-Modified = {2012-12-15 21:02:50 +0000},
	Month = {nov.},
	Org-Short = {ABNT},
	Organization = {Associa{\c c}\~ao Brasileira de Normas T\'ecnicas},
	Pages = 2,
	Subtitle = {Resumo - Apresenta{\c c}{\~a}o},
	Title = {{NBR} 6028},
	Year = 2003}
	

@manual{NBR14724:2005,
	Address = {Rio de Janeiro},
	Date-Added = {2012-12-15 20:34:08 +0000},
	Date-Modified = {2012-12-15 20:35:25 +0000},
	Month = {dez.},
	Org-Short = {ABNT},
	Organization = {Associa{\c c}\~ao Brasileira de Normas T\'ecnicas},
	Pages = 9,
	Subtitle = {Informa{\c c}\~ao e documenta{\c c}\~ao --- trabalhos acad\^emicos --- apresenta{\c c}\~ao},
	Title = {{NBR} 14724},
Year = 2005}


@manual{NBR14724:2011,
	Address = {Rio de Janeiro},
	Date-Added = {2012-12-15 20:34:08 +0000},
	Date-Modified = {2012-12-15 20:35:25 +0000},
	Month = {mar.},
	Note = {Substitui a Ref.~\citeonline{NBR14724:2005}},
	Org-Short = {ABNT},
	Organization = {Associa{\c c}\~ao Brasileira de Normas T\'ecnicas},
	Pages = 15,
	Subtitle = {Informa{\c c}\~ao e documenta{\c c}\~ao --- trabalhos acad\^emicos --- apresenta{\c c}\~ao},
	Title = {{NBR} 14724},
Year = 2011}

@book{UML:JACOBSON,
  title={The Unified Modeling Language User Guide},
  author={Ivar Jacobson and Grady Booch and James Rumbaugh},
  year={1998},
  publisher={Addison-Wesley Professional},
  address = {Redwood City, CA, USA}
}

@book{POWELL:2006,
  title={Beginning Database Design},
  author={Gavin Powell},
  year={2006},
  publisher = {Wiley Publishing},
  address = {New York, NY, USA}
}

% livros devem ter cidade da publicação em "address" esse fica sem como exemplo , observar na saída que fica com [S.l]  - Sem Local
@book{SCRUMGUIDE:2013,
  title={Scrum Guide},
  author={Schwaber, Ken and Sutherland, Jeff},
  year={2013},
  publisher={Scrum.Org},
  address = {Boston, MA, USA}
}



% Exemplo para utilização de et al com 5 autores
@book{ETAL5,
  title={O ET AL5},
  author={Silva, José and Doe, John and Carioca, José and Mouse, Mickey and  Parker, Peter},
  year={2013},
  publisher={DisneyWorld}
}
% livros devem ter cidade da publicação em "address" esse fica sem como exemplo , observar na saída que fica com [S.l]  - Sem Local

% Exemplo para utilização de et al com 4 autores
@book{ETAL4,
  title={O ET AL4},
  author={Carioca, José and Silva, José and Doe, John and  Mouse, Mickey },
  year={2013},
  publisher={Disneyland}
}
% livros devem ter cidade da publicação em "address" esse fica sem como exemplo , observar na saída que fica com [S.l]  - Sem Local
